@article{DrosteG07,
  author       = {Manfred Droste and
                  Paul Gastin},
  title        = {Weighted automata and weighted logics},
  journal      = {Theor. Comput. Sci.},
  volume       = {380},
  number       = {1-2},
  pages        = {69--86},
  year         = {2007},
  url          = {https://doi.org/10.1016/j.tcs.2007.02.055},
  doi          = {10.1016/J.TCS.2007.02.055},
  timestamp    = {Wed, 17 Feb 2021 21:57:11 +0100},
  biburl       = {https://dblp.org/rec/journals/tcs/DrosteG07.bib},
  bibsource    = {dblp computer science bibliography, https://dblp.org}
}

@inproceedings{KreutzerR13,
  author       = {Stephan Kreutzer and
                  Cristian Riveros},
  title        = {Quantitative Monadic Second-Order Logic},
  booktitle    = {28th Annual {ACM/IEEE} Symposium on Logic in Computer Science, {LICS}
                  2013, New Orleans, LA, USA, June 25-28, 2013},
  pages        = {113--122},
  publisher    = {{IEEE} Computer Society},
  year         = {2013},
  url          = {https://doi.org/10.1109/LICS.2013.16},
  doi          = {10.1109/LICS.2013.16},
  timestamp    = {Mon, 05 Feb 2024 20:31:46 +0100},
  biburl       = {https://dblp.org/rec/conf/lics/KreutzerR13.bib},
  bibsource    = {dblp computer science bibliography, https://dblp.org}
}

@article{Schutzenberger61b,
  author    = {Marcel Paul Sch{\"{u}}tzenberger},
  title     = {On the Definition of a Family of Automata},
  journal   = {Inf. Control.},
  volume    = {4},
  number    = {2-3},
  pages     = {245--270},
  year      = {1961},
  url       = {https://doi.org/10.1016/S0019-9958(61)80020-X},
  doi       = {10.1016/S0019-9958(61)80020-X},
  timestamp = {Fri, 12 Feb 2021 22:16:16 +0100},
  biburl    = {https://dblp.org/rec/journals/iandc/Schutzenberger61b.bib},
  bibsource = {dblp computer science bibliography, https://dblp.org}
}

@inproceedings{AlurDDRY13,
  author       = {Rajeev Alur and
                  Loris D'Antoni and
                  Jyotirmoy V. Deshmukh and
                  Mukund Raghothaman and
                  Yifei Yuan},
  title        = {Regular Functions and Cost Register Automata},
  booktitle    = {28th Annual {ACM/IEEE} Symposium on Logic in Computer Science, {LICS}
                  2013, New Orleans, LA, USA, June 25-28, 2013},
  pages        = {13--22},
  publisher    = {{IEEE} Computer Society},
  year         = {2013},
  url          = {https://doi.org/10.1109/LICS.2013.65},
  doi          = {10.1109/LICS.2013.65},
  timestamp    = {Sun, 12 Nov 2023 02:11:39 +0100},
  biburl       = {https://dblp.org/rec/conf/lics/AlurDDRY13.bib},
  bibsource    = {dblp computer science bibliography, https://dblp.org}
}

@inproceedings{BenediktDSW17,
  author       = {Michael Benedikt and
                  Timothy Duff and
                  Aditya Sharad and
                  James Worrell},
  title        = {Polynomial automata: Zeroness and applications},
  booktitle    = {32nd Annual {ACM/IEEE} Symposium on Logic in Computer Science, {LICS}
                  2017, Reykjavik, Iceland, June 20-23, 2017},
  pages        = {1--12},
  publisher    = {{IEEE} Computer Society},
  year         = {2017},
  url          = {https://doi.org/10.1109/LICS.2017.8005101},
  doi          = {10.1109/LICS.2017.8005101},
  timestamp    = {Fri, 24 Mar 2023 00:01:49 +0100},
  biburl       = {https://dblp.org/rec/conf/lics/BenediktDSW17.bib},
  bibsource    = {dblp computer science bibliography, https://dblp.org}
}

@inproceedings{Senizergues07,
  author       = {G{\'{e}}raud S{\'{e}}nizergues},
  editor       = {Volker Diekert and
                  Mikhail V. Volkov and
                  Andrei Voronkov},
  title        = {Sequences of Level 1, 2, 3, ..., \emph{k} , ..},
  booktitle    = {Computer Science - Theory and Applications, Second International Symposium
                  on Computer Science in Russia, {CSR} 2007, Ekaterinburg, Russia, September
                  3-7, 2007, Proceedings},
  series       = {Lecture Notes in Computer Science},
  volume       = {4649},
  pages        = {24--32},
  publisher    = {Springer},
  year         = {2007},
  url          = {https://doi.org/10.1007/978-3-540-74510-5\_6},
  doi          = {10.1007/978-3-540-74510-5\_6},
  timestamp    = {Thu, 09 Nov 2023 20:20:35 +0100},
  biburl       = {https://dblp.org/rec/conf/csr/Senizergues07.bib},
  bibsource    = {dblp computer science bibliography, https://dblp.org}
}

@article{WeberS91,
  author    = {Andreas Weber and
               Helmut Seidl},
  title     = {On the Degree of Ambiguity of Finite Automata},
  journal   = {Theor. Comput. Sci.},
  volume    = {88},
  number    = {2},
  pages     = {325--349},
  year      = {1991},
  url       = {https://doi.org/10.1016/0304-3975(91)90381-B},
  doi       = {10.1016/0304-3975(91)90381-B},
  timestamp = {Wed, 17 Feb 2021 21:57:47 +0100},
  biburl    = {https://dblp.org/rec/journals/tcs/WeberS91.bib},
  bibsource = {dblp computer science bibliography, https://dblp.org}
}

@article{BarloyFLM22,
  author       = {Corentin Barloy and
                  Nathana{\"{e}}l Fijalkow and
                  Nathan Lhote and
                  Filip Mazowiecki},
  title        = {A robust class of linear recurrence sequences},
  journal      = {Inf. Comput.},
  volume       = {289},
  number       = {Part},
  pages        = {104964},
  year         = {2022},
  url          = {https://doi.org/10.1016/j.ic.2022.104964},
  doi          = {10.1016/J.IC.2022.104964},
  timestamp    = {Tue, 29 Nov 2022 14:51:37 +0100},
  biburl       = {https://dblp.org/rec/journals/iandc/BarloyFLM22.bib},
  bibsource    = {dblp computer science bibliography, https://dblp.org}
}

@inproceedings{CadilhacMPPS20,
  author       = {Micha{\"{e}}l Cadilhac and
                  Filip Mazowiecki and
                  Charles Paperman and
                  Michal Pilipczuk and
                  G{\'{e}}raud S{\'{e}}nizergues},
  editor       = {Artur Czumaj and
                  Anuj Dawar and
                  Emanuela Merelli},
  title        = {On Polynomial Recursive Sequences},
  booktitle    = {47th International Colloquium on Automata, Languages, and Programming,
                  {ICALP} 2020, July 8-11, 2020, Saarbr{\"{u}}cken, Germany (Virtual
                  Conference)},
  series       = {LIPIcs},
  volume       = {168},
  pages        = {117:1--117:17},
  publisher    = {Schloss Dagstuhl - Leibniz-Zentrum f{\"{u}}r Informatik},
  year         = {2020},
  url          = {https://doi.org/10.4230/LIPIcs.ICALP.2020.117},
  doi          = {10.4230/LIPICS.ICALP.2020.117},
  timestamp    = {Sun, 02 Oct 2022 16:03:11 +0200},
  biburl       = {https://dblp.org/rec/conf/icalp/CadilhacMPPS20.bib},
  bibsource    = {dblp computer science bibliography, https://dblp.org}
}

@article{OuaknineW15,
  author       = {Jo{\"{e}}l Ouaknine and
                  James Worrell},
  title        = {On linear recurrence sequences and loop termination},
  journal      = {{ACM} {SIGLOG} News},
  volume       = {2},
  number       = {2},
  pages        = {4--13},
  year         = {2015},
  url          = {https://doi.org/10.1145/2766189.2766191},
  doi          = {10.1145/2766189.2766191},
  timestamp    = {Fri, 10 Jun 2022 10:35:17 +0200},
  biburl       = {https://dblp.org/rec/journals/siglog/OuaknineW15.bib},
  bibsource    = {dblp computer science bibliography, https://dblp.org}
}

@inproceedings{ClementeDMP23,
  author       = {Lorenzo Clemente and
                  Maria Donten{-}Bury and
                  Filip Mazowiecki and
                  Michal Pilipczuk},
  editor       = {Petra Berenbrink and
                  Patricia Bouyer and
                  Anuj Dawar and
                  Mamadou Moustapha Kant{\'{e}}},
  title        = {On Rational Recursive Sequences},
  booktitle    = {40th International Symposium on Theoretical Aspects of Computer Science,
                  {STACS} 2023, March 7-9, 2023, Hamburg, Germany},
  series       = {LIPIcs},
  volume       = {254},
  pages        = {24:1--24:21},
  publisher    = {Schloss Dagstuhl - Leibniz-Zentrum f{\"{u}}r Informatik},
  year         = {2023},
  url          = {https://doi.org/10.4230/LIPIcs.STACS.2023.24},
  doi          = {10.4230/LIPICS.STACS.2023.24},
  timestamp    = {Fri, 03 Mar 2023 17:09:35 +0100},
  biburl       = {https://dblp.org/rec/conf/stacs/ClementeDMP23.bib},
  bibsource    = {dblp computer science bibliography, https://dblp.org}
}

@inproceedings{KenisonKLLMOW021,
  author       = {George Kenison and
                  Oleksiy Klurman and
                  Engel Lefaucheux and
                  Florian Luca and
                  Pieter Moree and
                  Jo{\"{e}}l Ouaknine and
                  Markus A. Whiteland and
                  James Worrell},
  editor       = {Filippo Bonchi and
                  Simon J. Puglisi},
  title        = {On Positivity and Minimality for Second-Order Holonomic Sequences},
  booktitle    = {46th International Symposium on Mathematical Foundations of Computer
                  Science, {MFCS} 2021, August 23-27, 2021, Tallinn, Estonia},
  series       = {LIPIcs},
  volume       = {202},
  pages        = {67:1--67:15},
  publisher    = {Schloss Dagstuhl - Leibniz-Zentrum f{\"{u}}r Informatik},
  year         = {2021},
  url          = {https://doi.org/10.4230/LIPIcs.MFCS.2021.67},
  doi          = {10.4230/LIPICS.MFCS.2021.67},
  timestamp    = {Sun, 06 Aug 2023 20:52:16 +0200},
  biburl       = {https://dblp.org/rec/conf/mfcs/KenisonKLLMOW021.bib},
  bibsource    = {dblp computer science bibliography, https://dblp.org}
}
